@inproceedings{sutherland1964sketch,
  title={Sketchpad: A man-machine graphical communication system},
  author={Sutherland, Ivan E},
  booktitle={Proceedings of the SHARE design automation workshop},
  pages={6--329},
  year={1964},
  organization={ACM}
}
@article{wallace1996practical,
  title={Practical applications of constraint programming},
  author={Wallace, Mark},
  journal={Constraints},
  volume={1},
  number={1-2},
  pages={139--168},
  year={1996},
  publisher={Springer}
}
@inproceedings{sannella1994analyzing,
  title={Analyzing and debugging hierarchies of multi-way local propagation constraints},
  author={Sannella, Michael},
  booktitle={Principles and Practice of Constraint Programming},
  pages={63--77},
  year={1994},
  organization={Springer}
}
@inproceedings{sannella1994skyblue,
  title={Skyblue: a multi-way local propagation constraint solver for user interface construction},
  author={Sannella, Michael},
  booktitle={Proceedings of the 7th annual ACM symposium on User interface software and technology},
  pages={137--146},
  year={1994},
  organization={ACM}
}
@article{sannella1993multi,
  title={Multi-way versus one-way constraints in user interfaces: Experience with the deltablue algorithm},
  author={Sannella, Michael and Maloney, John and Freeman-Benson, Bjorn and Borning, Alan},
  journal={Software: Practice and Experience},
  volume={23},
  number={5},
  pages={529--566},
  year={1993},
  publisher={Wiley Online Library}
}
