@book{hunt1976algorithm,
  title={An algorithm for differential file comparison},
  author={Hunt, James Wayne and McIlroy, M Douglas},
  year={1976},
  publisher={Bell Laboratories}
}
% the newline in the url for Hackage2012 is there because the first line of the
% bibliography had waaaaay too much space between words
@misc{Hackage2012,
title = {{HackageDB}: introduction},
author = {Various},
month = apr,
year = {2012},
url = {\\http://hackage.haskell.org/packages/hackage.html}
}
