@conference{meijer1991functional,
  title={{Functional programming with bananas, lenses, envelopes and barbed wire}},
  author={Meijer, E. and Fokkinga, M. and Paterson, R.},
  booktitle={Functional Programming Languages and Computer Architecture},
  pages={124--144},
  year={1991},
  organization={Springer}
}
@article{hasegawa2002two,
  title={{Two applications of analytic functors}},
  author={Hasegawa, R.},
  journal={Theoretical Computer Science},
  volume={272},
  number={1-2},
  pages={113--175},
  year={2002},
  publisher={Elsevier}
}
@conference{abbott2003categories,
  title={{Categories of containers}},
  author={Abbott, M. and Altenkirch, T. and Ghani, N.},
  booktitle={Foundations of Software Science and Computation Structures},
  pages={23--38},
  year={2003},
  organization={Springer}
}
@article{joyal1986foncteurs,
  title={{Foncteurs analytiques et especes de structures}},
  author={Joyal, A.},
  journal={Combinatoire {\'e}num{\'e}rative},
  pages={126--159},
  year={1986},
  publisher={Springer}
}
@phdthesis{vene2000categorical,
    title={{Categorical Programming with Inductive and Coinductive Types}},
    author={Vene, Varmo},
    school={Universitatis Tartuensis},
    year={2000}
}
@article{xiong2009supporting,
  title={{Supporting parallel updates with bidirectional model transformations}},
  author={Xiong, Y. and Song, H. and Hu, Z. and Takeichi, M.},
  journal={Theory and Practice of Model Transformations},
  pages={213--228},
  year={2009},
  publisher={Springer}
}
}
