@article{diskin2011asymmetric,
  title={From State- to Delta-Based Bidirectional Model Transformations: the Asymmetric Case},
  author={Diskin, Z. and Xiong, Y. and Czarnecki, K.},
  journal={Journal of Object Technology},
  year={2011},
  volume={10},
  pages={6:1--25}
}
